% ------------------------------------------------------------------------
% BIBLIOGRAPHY FILE
% ------------------------------------------------------------------------


@manual{simpowersystems,
      title  = "SimPowerSystems documentation: D-STATCOM (Average Model)",
      author = "",
      note    = "\url{http://www.mathworks.com/help/physmod/sps/examples_v2/d-statcom-average-model.html}",
      year   = "2014"
    }

@ARTICLE{RabinFairness93,
    author = {M. Rabin},
    title = {Incorporating Fairness into Game Theory and Economics},
    journal = {American Economic Review},
    year = {1993},
    volume = {83},
    pages = {1281-1302}
}

@ARTICLE{equityfairness,
    author = {G.E. Bolton and A. Ockenfels},
    title = {ERC-A theory of equity, reciprocity and competition},
    journal = {American Economic Review},
    year = {2000},
    volume = {90},
    pages = {166-193}
}

@article{99fairtheory,
    author = {E. Fehr and K. M. Schmidt},
    title = {A Theory Of Fairness, Competition And Cooperation},
    journal = {Quarterly Journal of Economics},
   volume = {114},
    pages = {817-868},
   year = {1999}
}

@article{reciprocitytheory,
    author = {A. Falka and U. Fischbache},
    title = {A theory of reciprocity},
    journal = {Games and Economic Behavior},
   volume = {54},
    pages = {293-315},
   year = {2006}
}

@inProceedings{kam07adapMinGame,
    author = {K.M. Lam and  H.F. Leung},
    title = {An Adaptive Strategy for Resource Allocation Modeled as Minority Game},
   booktitle = {Proceedings of Self-Adaptive and Self-Organizing Systems},
   pages = {193-204},
    year = {2007}
}


@inProceedings{she08resourceallocation2,
    author = {Y.N.She and  H.F. Leung},
    title = { An Adaptive Strategy for Allocation of Resources with Gradually or Abruptly Changing Capacities},
   booktitle = {Proceedings of Tools with Artificial Intelligence, 2008},
   pages = {415-422},
    year = {2008}
}

@INPROCEEDINGS{Galstyan02resourceallocation,
    author = {A. Galstyan and S. Kolar and K. Lerman},
    title = {Resource Allocation Games with Changing Resource Capacities},
    booktitle = {Proceedings of the 2th international joint conference on Autonomous agents and multiagent system},
    year = {2002},
    pages = {145--152},
    publisher = {ACM Press}
}

@INPROCEEDINGS{Now01socialagents,
    author = {A. Now\'{e} and J. Parent and K. Verbeeck},
    title = {Social Agents Playing a Periodical Policy},
    booktitle = {Proceedings of the 12th European Conference on Machine Learning},
    year = {2001},
    pages = {382--393},
   volume = {2176},
    publisher = {Springer}
}

@INPROCEEDINGS{Faratin00usingsimilarity,
    author = {P. Faratin and C. Sierra and N. R. Jennings},
    title = {Using Similarity Criteria to Make Negotiation Trade-Offs},
    booktitle = {ICMAS'00},
    year = {2000},
    pages = {119--126},
    publisher = {}
}

@INPROCEEDINGS{Coehoorn_learningan,
    author = {R. M. Coehoorn and N. R. Jennings},
    title = {Learning an Opponent's Preferences to Make Effective Multi-Issue Negotiation Trade-Offs},
    booktitle = {ICEC'04},
    year = {2004},
    pages = {59--68},
    publisher = {ACM Press}
}

@ARTICLE{verbeeck_ESRL,
    author = {K. Verbeeck and A. Now\'{e} and J. Parent and K. Tuyls},
    title = {Exploring selfish reinforcement learning in repeated games with stochastic rewards},
   journal ={Autonomous Agents and Multi-Agent Systems},
    year = {2006},
   volume = {14},
  pages = {239--269},
    publisher = {ACM Press}
}

@INPROCEEDINGS{Jong_priorityaware,
    author = {S. de Jong and K. Tuyls and K. Verbeeck and N. Roos},
    title = {Priority Awareness: Towards a Computational Model of Human Fairness for Multi-agent Systems},
   booktitle ={Adaptive Agents and Multi-Agent Systems III - Lecture Notes in Artificial Intelligence},
    year = {2008},
}

@INPROCEEDINGS{Jongartificialagents,
    author = {S.de Jong and K. Tuyls and K. Verbeeck},
    title = {Artificial agents learning human fairness},
 booktitle ={AAMAS'08},
   year = {2008},
 pages = {863--870},
    publisher = {ACM Press}
}

@ARTICLE{Chevaleyre07CSC,
    author = {Y. Chevaleyre and U. Endriss and J. Lang and N. Maudet},
    title = {A Short Introduction to Computational Social Choice},
    journal = {SOFSEM 2007},
    year = {2007},
    volume = {4362},
    pages = {51-69}
}
@ARTICLE{Chevaleyre06issuesin,
    author = {Y. Chevaleyre and P. E. Dunne and et al.},
    title = {Issues in Multiagent Resource Allocation},
    journal = {Informatica},
    year = {2006},
    volume = {30},
    pages = {3-31}
}

@book{CAbook,
    author = {P. Cramton and Y. Shoham and R. Steinberg},
    title = {Combinatorial Auctions},
   year = {2006},
    publisher = {MIT Press, Cambridge}
}

@book{theoryoflearning,
    author = {D. Fudenberg and D. K. Levine},
    title = {The Theory of Learning in Games},
   year = {1998},
    publisher = {MIT Press}
}

@ARTICLE{MicorRA,
    author = {J.F. Kurose and R. Simha},
    title = {A Microeconomic Approach to Optimal Resource Allocation in Distributed Computer Systems},
   journal ={IEEE Trans. Computers},
   year = {1989},
   volume = {38},
  pages = {705-717},
    publisher = {}
}

@ARTICLE{Sandholm02algorithmfor,
    author = {T. Sandholm},
    title = {Algorithm for Optimal Winner Determination in Combinatorial Auctions},
    journal = {Artificial Intelligence},
    year = {2002},
    pages = {1-54}
}

@ARTICLE{AdaptiveLB,
    author = {A. Schaerf and Y. Shoham and M. Tennenholtz},
    title = {Adaptive Load Balancing: A Study in Multi-Agent Learning},
  journal = {Journal of Artificial Intelligence Research},
   year = {1995},
 pages = {475-500},
}
@article{ProspectTheory,
    author = {D. Kahneman and A. Tversky},
    title = {Prospect theory: An analysis of decison under risk},
    journal = {Econometrica},
   volume = {47(2)},
    pages = {263-291},
   year = {1979}
}
@article{teachinglearning,
    author = {C. F. Camerer and T. H. Ho and J. K. Chong},
    title = {Sophisticated ewa learning and strategic teaching in repeated games},
    journal = {Journal of Economic Theory},
   volume = {104},
    pages = {137-188},
   year = {2002}
}

@book{GametheoryEvol,
    author = {H. Gintis},
    title = {Game Theory Evolving: A Problem-Centered Introduction to Modeling Strategic Interaction},
   year = {2001},
    publisher = {Princeton, USA: Princeton University Press}
}

@book{CALA,
    author = {M.A.L. Thathachar and P. Sastry},
    title = {Networks of Learning Automata: Techniques for Online Stochastic Optimization},
   year = {2004},
    publisher = {Dordrecht, Netherlands: Kluwer Academic Publishers}
}

@book{behavioraleconomics,
    author = {C. F. Camerer and G. Loewenstein and  M. Rabin},
    title = {Advances in Behavioral Economics},
   year = {2003},
    publisher = {New York and Princeton: Russell Sage Foundation Presss and Princeton University Press}
}

@book{ConditionofLearning,
    author = {R. Gagne},
    title = {The Conditions of Learning(4th ed.)},
   year = {1985},
    publisher = {New York: Holt, Rinehart and Winston}
}
@INPROCEEDINGS{minmaxQ,
    author = {M. Littman},
    title = {Markov games as a framework for multi-agent reinforcement learning},
 booktitle ={Proceedings of ICML'94},
   year = {1994},
 pages = {322--328},
    publisher = {}
}

@INPROCEEDINGS{Kapetanakis,
    author = {S. Kapetanakis and D. Kudenko},
    title = {Reinforcement Learning of Coordination in Cooperative Multi-Agent Systems},
 booktitle ={Proc. of the 18th National Conference on Artificial Intelligence (AAAI)},
   year = {2002},
 pages = {326-331},
    publisher = {}
}
@INPROCEEDINGS{damergini,
    author = {S. Damer and  M. Gini},
    title = {Achieving cooperation in a minimally constrained environment},
 booktitle ={Proc. of the 23th National Conference on Artificial Intelligence (AAAI)},
   year = {2008},
 pages = {57-62},
    publisher = {}
}
@ARTICLE{VariableLearning,
    author = {M. Bowling and M. Veloso},
    title = {Multiagent learning using a variable learning rate},
 journal ={Artificial Intelligence},
   year = {2002},
volume = {136},
 pages = {215-250},
    publisher = {}
}
@INPROCEEDINGS{NashQlearning,
    author = {J. Hu and M. Wellman},
    title = {Multiagent Reinforcement Learning: Theoretical Framework and an Algorithm},
 booktitle ={Proceedings of ICML'98},
   year = {1998},
 pages = {242-250},
    publisher = {}
}
@INPROCEEDINGS{CorrelatedQLearning,
    author = {A. Greenwald and K. Hall},
    title = {Correlated Q-Learning},
 booktitle ={Proceedings of ICML'03},
   year = {2003},
 pages = {242-249},
    publisher = {}
}

@INPROCEEDINGS{EvolvingRationality,
    author = {D.Hales and B.Edmonds},
    title = {Evolving Social Rationality for MAS using "Tags"},
 booktitle ={Proceedings of the 2th international joint conference on Autonomous agents and multiagent systems (AAMAS-2003)},
   year = {2003},
 pages = {497-503},
    publisher = {ACM Press}
}

@INPROCEEDINGS{TagCoordination,
    author = {M.Matlock and S.Sen},
    title = {Effective Tag Mechanisms for Evolving Coordination},
 booktitle ={Proceedings of the 6th international joint conference on Autonomous agents and multiagent systems (AAMAS-2007)},
   year = {2007},
 pages = {},
    publisher = {}
}
@INPROCEEDINGS{TagCooperation,
    author = {M.Matlock and S.Sen},
    title = {Effective Tag Mechanisms for Evolving Coperation},
 booktitle ={Proceedings of the 8th international joint conference on Autonomous agents and multiagent systems (AAMAS-2009)},
   year = {2009},
 pages = {489-496},
    publisher = {}
}
@INPROCEEDINGS{Fairness,
    author = {J.Y.Hao and H.F.Leung},
    title = {Strategy and Fairness in repeated two-agent interaction},
 booktitle ={Proceedings of the 22nd IEEE International Conference on Tools with Artificial Intelligence},
   year = {2010},
 pages = {},
    publisher = {IEEE Computer Society}
}
@INPROCEEDINGS{sfoftag,
    author = {M.Matlock and S.Sen},
    title = {The success and failure of tag-mediated evolution of cooperation},
 booktitle ={K.Tuyls,P.J.Hoen, K.Verbeeck, and S.Sen, editors, LAMAS, volume 3898 of Lecture Notes in Computer Science},
   year = {2005},
 pages = {155-164},
    publisher = {Springer}
}

@ARTICLE{CooperativeLearning,
    author = {L.Panait and S.Luke},
    title = {Cooperative Multi-agent Learning: The State of the Art},
  journal = {AAMAS},
   year = {2005},
 pages = {387-434},
}
@ARTICLE{CooperationReciprocity,
    author = {R.Riolo, M.D.Cohen},
    title = {Cooperation withour reciprocity},
  journal = {Nature},
   year = {2001},
 pages = {414:441-443},
}
@ARTICLE{Hales1,
    author = {D.Hales},
    title = {Cooperation without Space or Memory-Tag,Groups and the Prisoner's Dilemma},
  journal = {Multi-Agent-Based Simulation (eds. S/Moss, P.Davidsson), Lecture Notes in Artificial Intelligence 1979},
   year = {2000},
 pages = {},
}
@INPROCEEDINGS{howley1,
    author = {E.Howley and C.O'Riordan},
    title = {The Emergence of Cooperation Among Agents using Simple Fixed Bias Tagging},
 booktitle ={IEEE Congress on Evolutionary Computation},
   year = {2005},
 pages = {},
    publisher = {}
}
@ARTICLE{pdallison,
    author = {P.D.Allison},
    title = {The cultural evolution of beneficent norms},
  journal = {Social Forces},
   year = {192},
 pages = {71:279-301},
}

@book{holland,
    author = {J.H.Holland and K.Holyoak and r.Nisbett and P.Thagard},
    title = {Induction: Processes of Inferences, Learning, and Discovery},
   year = {1986},
    publisher = {MIT Press, Cambridge, MA}
}
@ARTICLE{wsls,
    author = {M.Nowak and K.Sigmund},
    title = {A strategy of winstay, lose-shit that outperforms tit-for-tat in the prisoner's dilemma game},
  journal = {Nature 364},
   year = {1993},
 pages = {56-58},
}
@ARTICLE{pavlovs,
    author = {J.Y.Wakano and N.Yamamura},
    title = {A simple Learning Strategy that Realizes Robust Cooperation Better than Pavlov in Iterated Prisoner's Dilemma},
  journal = {J.Ethology 19},
   year = {2001},
 pages = {9-15},
}
@INPROCEEDINGS{ruleoftheroad,
    author = {S. Sen and S. Airiau},
    title = {Emergence of norms through social learning},
 booktitle ={IJCAI'07},
   year = {2007},
 pages = {1507-1512},
    publisher = {}
}
@ARTICLE{evaluationtag,
    author = {I.Chao and O.Ardaiz and R.Sanguesa},
    title = {Tag Mechanisms Evaluated for Coordination in Open Multi-Agent Systems},
 journal ={ESAW 2007, LNAI 4995},
   year = {2008},
 pages = {254-269},
    publisher = {}
}
@INPROCEEDINGS{socialrationality,
    author = {L. M. Hogg and N. R. Jennings},
    title = {Socially Rational Agents},
 booktitle ={Proceeding of AAAI Fall Symposium on Socially Intelligent Agents},
   year = {1997},
 pages = {61-63},
    publisher = {}
}
@INPROCEEDINGS{Claus98thedynamics,
    author = {Caroline Claus and Craig Boutilier},
    title = {The dynamics of reinforcement learning in cooperative multiagent systems},
    booktitle = {AAAI'98},
    year = {1998},
    pages = {746--752}
}
@INPROCEEDINGS{implicitneigotion,
    author = {M. L. Littman and P. Stone},
    title = {Implicit neigotion in repeated games},
    booktitle = {In Intelligent Agents VIII: AGENT THEORIES, ARCHITECTURE AND LANGUAGES},
    year = {2001},
    pages = {393--404}
}
@INPROCEEDINGS{satisficingalgorithm,
    author = {J. L. Stimpson and M. A. Goodrich and L. C. Walters},
    title = {Satisficing and learning cooperation in the prisoner's dilemma },
    booktitle = {IJCAI'01},
    year = {2001},
    pages = {535--540}
}
@INPROCEEDINGS{utilityqlearning,
    author = {K. Moriyama},
    title = {Utility Based Q-learning to Maintain Cooperation in Prisoner's Dilemma Game},
 booktitle ={IAT '07},
   year = {2007},
 pages = {146 - 152 },
    publisher = {}
}
@INPROCEEDINGS{AdjustingLeaningrateqlearning,
    author = {K. Moriyama},
    title = {Learning-Rate Adjusting Q-Learning for Prisoner's Dilemma Games},
 booktitle ={WI-IAT '08},
   year = {2008},
 pages = {322-325},
    publisher = {}
}
@ARTICLE{Q-learning,
    author = {C. J. C. H. Watkins and P. D. Dayan},
    title = {Q-learning},
 journal ={Machine Learning},
   year = {1992},
 volumn = {3},
 pages = {3:279-292},
    publisher = {}
}
@INPROCEEDINGS{Revelaionaction,
    author = {S. Sen and S. Airiau and R. Mukherjee},
    title = {Towards a pareto-optimal solution in general-sum games},
 booktitle ={AAMAS'03},
   year = {2003},
 pages = {153-160},
    publisher = {}
}
@INPROCEEDINGS{learningPOS,
    author = {S. Airiau and S. Sen},
    title = {Learning Pareto-optimal Solutions in 2x2 Conflict Games},
 booktitle ={ LAMAS'05},
   year = {2005},
 pages = {86-89},
    publisher = {}
}

@INPROCEEDINGS{noregret,
    author = {A. Jafari and A. Greenwald and D. Gondek and G. Ercal},
    title = {On no-regret learning, fictitious play, and nash equilibrium},
 booktitle ={ ICML'01},
   year = {2001},
 pages = {226--233},
    publisher = {}
}

@ARTICLE{CJAL,
    author = {D. Banerjee and S. Sen},
    title = {Reaching Pareto Optimality in Prisoner's Dilemma Using Conditional Joint Action Learning},
 journal ={Proceedings of AAMAS'07},
   year = {2007},
 volumn = {15},
 pages = {15:91-108},
    publisher = {}
}
@book{theoryofmoves,
    author = {S. J. Brams},
    title = {Theory of Moves},
   year = {1994},
    publisher = {Cambridge University Press, Cambridge, UK}
}
@book{gttb,
    author = {M. J. Osborne and A. Rubinstein},
    title = {A Course in Game Theory},
   year = {1994},
    publisher = {MIT Press, Cambridge}
}
@ARTICLE{WOLF-PHC,
    author = {M. H. Bowling and M. M. Veloso},
    title = {Multiagent learning using a variable learning rate},
 journal ={Artificial Intelligence},
   year = {2003},
 volumn = {136},
 pages = {136:215-250},
    publisher = {}
}
@ARTICLE{questionandanswer,
    author = {Y. Shoham and R. Powers and T. Grenager},
    title = {If multi-agent learning is the answer, what is the question?},
 journal ={Artificial Intelligence},
   year = {2007},
volume = {171},
 pages = {365-377},
    publisher = {}
}
@Article{AIJ07,
	Author="Peter Stone",
	title="Multiagent learning is not the answer. It is the question",
	journal="Artificial Intelligence",
	month="May",
	year="2007",
	volume="171",issue="7",pages="402--05"
} 
@book{MASbook1,
    author = {Y. Shoham and K. L. Brown},
    title = {Multiagent Systems: Algorithmic, Game-Theoretic, and Logical Foundations},
   year = {2009},
    publisher = {Cambridge University Press}
}

@book{MASbook2,
    editor = {N. Nisan and  T. Roughgarden and \'{E.} Tardos and V. Vazirani},
    title = {Algorithmic Game Theory},
   year = {2007},
    publisher = {Cambridge University Press}
}

@INPROCEEDINGS{perfectmonitoring,
	AUTHOR = "R. I. Brafman and M. Tennenholtz",
	TITLE = "Optimal Efficient Learning Equilibrium: Imperfect Monitoring in Symmetric Games.",
	booktitle = "AAAI'05",	
	PAGES = {726-731},
	YEAR = {2005} 
 }
@Article{ELE,
	Author="R. I. Brafman and M. Tennenholtz",
	title="Efficient Learning Equilibrium",
	journal="Artificial Intelligence",
	month="November",
	year="2004",
	volume="159",issue="1-2",pages="27-47"
}

@Article{goldfather++,
	Author="M. L. Littman and P. Stone",
	title="a polynomial time Nash equilibrium algorithm for repeated games",
	journal="Decision Support Systems",
	month="",
	year="2005",
	volume="39",issue="1-2",pages="55-66"
}

@INPROCEEDINGS{bully,
	AUTHOR ="M. L. Littman and P. Stone",
	TITLE = "Leading best-response strategies in repeated games.",
	booktitle = "IJCAI Workshop on Economic Agents, Models, and Mechanisms",
	PAGES = {},
	YEAR = {2001}
  }

@INPROCEEDINGS{spam,
	AUTHOR ="J. W. Crandall and M. A. Goodrich",
	TITLE = "Learning to teach and follow in repeated games",
	booktitle = "AAAI Workshop on Multiagent Learning",
	PAGES = {},
	YEAR = {2005}
  }

@INPROCEEDINGS{ chao:tag,
	AUTHOR = "Isaac Chao and Oscar Ardaiz and Ramon Sangüesa",
	TITLE = "Tag Mechanisms Evaluated for Coordination in Open Multi-Agent Systems.",
	booktitle = "ESAW'07",
	PAGES = {254-269},
	YEAR = {2007}
  }

@INPROCEEDINGS{And03welfareengineering,
    author = {Ulle Endriss And and Ulle Endriss and Nicolas Maudet},
    title = {Welfare Engineering in Multiagent Systems},
    booktitle = {Engineering Societies in the Agents World IV},
    year = {2003},
    pages = {93--106},
    publisher = {Springer-Verlag}
}
@INPROCEEDINGS{Conitzer06awesome,
    author = {Vincent Conitzer and Tuomas Sandholm},
    title = {AWESOME: A General Multiagent Learning Algorithm that Converges in Self-Play and Learns a Best Response against Stationary Opponents},
    booktitle = {ICML'06},
    year = {2006},
    pages = {83--90},
    publisher = {}
}
@inproceedings{citeulike:495478,
    author = {Kapetanakis, Spiros and Kudenko, Daniel},
    booktitle = {AAMAS'04},
   title = {Reinforcement Learning of Coordination in Heterogeneous Cooperative Multi-Agent Systems},
    pages = {1258--1259},
    year = {2004}
}
@InProceedings{saha07a,
  author =	 {Sabyasachi Saha and Sandip Sen},
  title =	 {Reciprocal Negotiation over Shared Resources in
                  Agent Societies},
  booktitle =	 {AAMAS'07},
  pages =	 {771--773},
  year =	{ 2007},
}

@InProceedings{saha05,
  author ={S. Saha and A. Biswas and S. Sen},
  title =	 {Modeling opponent decision in repeated one-shot negotiations},
  booktitle = {AAMAS'05},
  pages = {397--403},
  year ={2005},
}


@InProceedings{bayes08,
  author = {K. Hindriks and D. Tykhonov},
  title =	 {Opponent modeling in auomated multi-issue negotiation using bayesian learning},
  booktitle = {AAMAS'08},
  pages = {331--338},
  year ={2008},
}


@InProceedings{negotiation3,
  author = {T. Baarslag and K. Hindriks and C. Jonker},
  title =	 {Acceptance Conditions in Automated Negotiation},
 booktitle = {Complex Automated Negotiations: Theories, Models, and Software Competitions},
series = {Studies in Computational Intelligence},
volume = {435},
year = {2013},
pages = {95-111},

}

@InProceedings{genius,
  author = {R. Lin and S. Kraus and D. Tykhonov and  K. Hindriks and C. M. Jonker},
  title =	 {Supporting the design of general automated negotiators},
  booktitle = {ACAN'09},
  pages = {},
  year ={2009},
}

@InProceedings{negotiation4,
  author = {T. Baarslag and C. Jonker and D. Tykhonov},
  title =	 {The benefits of opponent models in negotiation},
  booktitle = {WI-IAT'09},
  pages = {439-444},
  year ={2009},
}


@InProceedings{q-learning1,
  author = {H. L. Cardoso and E. Oliveira},
  title =	 {Using and evaluating adaptive agents for electronic commerce negotiation},
  booktitle = {IBERAMIA-SBIA'00},
  pages = {96-105},
  year ={2000},
}

@InProceedings{bayesian-learning,
  author = {D. Zeng and K. Sycara},
  title =	 {Bayesian learning in negotiation},
  booktitle = {AAAI Symposium on Adaptation, Co-evolution and Learning in Multiagent Systems},
  pages = {99-104},
  year ={1996},
}

@Article{bayesian-learning1,
	Author="D. Zeng and K. Sycara",
	title="Bayesian learning in negotiation",
	journal="Internaltional Journal of Human Computer Systems",
	year="1998",
	volume="48",
	issue="",
	pages="125-141"
}

@Article{negotiation1,
	Author="P. Faratin and C. Sierra and N. R. Jennings",
	title="Using similarity criteria to make negotiation Trade-offs",
	journal="Artifical Intelligence",
	year="2003",
	volume="142(2)",
	issue="2",
	pages="205-237"
}

@Article{genius1,
	Author="R. Lin and S. Kraus and T. Baarslag and D. Tykhonov and K. Hindriks and C. M. Jonker",
	title="Genius: An integrated environment for supporting the design of generic automated negotiators",
	journal="Computational Intelligence",
	year="2012",
	volume="",
	issue="",
	pages=""
}

@Article{ANAC'10,
	Author="T. Baarslag and K. Hindriks and C. Jonker and S. Kraus and R. Lin ",
	title="The first automated negotiating agents competition (ANAC 2010)",
	journal="New Trends in Agent-Based Complex Automated Negotiations",
	year="2010",
	volume="",
	issue="",
	pages="113-135"
}


@inproceedings{opponentmodel1,
    author = {R. M. Coehoorn and  N. R. Jennings},
    booktitle = {ICEC'04},
    pages = {59-68},
    title = {Learning an opponent's preferences to make effective multi-issue negotiation trade-offs},
    year = {2004}
}

@inproceedings{modelcheckingrobustness,
    author = {S. Z. Song and J. Y. Hao and H. F. Leung and X. H. Li},
    booktitle = {ICECCS'13 (To Appear)},
    pages = {},
    title = {Robustness Analysis of Negotiation Strategies in Multi-agent Systems via Model Checking Approach},
    year = {2013}
}
@inproceedings{brzostowski,
    author = {B. Jakub and K. Ryszard},
    booktitle = {Proceedings of AAMAS'06},
    pages = {355--361},
    title = {Predicting partner's behaviour in agent negotiation},
    year = {2006}
}

@inproceedings{humanagentnegotiation,
    author = {Y. Oshrat and R. Lin andS. Kraus},
    booktitle = {AAMAS '09},
    pages = {377-384},
    title = {Facing the challenge of human-agent negotiations via effective general opponent modeling},
    year = {2009}
}

@inproceedings{sqchen,
    author = {S. Q. Chen and G. Weiss},
    booktitle = {ECAI'12},
    pages = {228-233},
    title = {An Efficient and Adaptive Approach to Negotiation in Complex Environments},
    year = {2012}
}

@inproceedings{sqchen1,
    author = {S. Q. Chen and 	H. B. Ammar and K.l Tuyls and G. Weiss},
    booktitle = {AAMAS'13},
    pages ={707-714 },
    title = {Optimizing complex automated negotiation using sparse pseudo-input gaussian processes},
    year = {2013}
}

@inproceedings{colin,
    author = {C. R. Williams and V. Robu and E. H. Gerding and N. R. Jennings},
    booktitle = {IJCAI'12},
    pages = {432-438},
    title = {Using Gaussian Processes to Optimise Concession in Complex Negotiations against Unknown Opponents},
    year = {2012}
}

@MISC{patexperiment,
   author = "J. Y. Hao and S. Z. Song and Y. Liu and J. Sun and J. S. Dong and H. F. Leung",
   note = "",
howpublished  = "Online Technical Report. \url{http://www.comp.nus.edu.sg/$\sim$pat/automatedNegotiation/}"
   }
@article{abstraction,
    author = {Clarke, Edmund M. and Grumberg, Orna and Long, David E.},
    journal = {ACM Trans. Program. Lang. Syst.},
    month = sep,
    number = {5},
    pages = {1512--1542},
    priority = {2},
    publisher = {ACM},
    title = {{Model checking and abstraction}},
    volume = {16},
    year = {1994}
}

@inproceedings{SunLDC09,
author    = {Jun Sun and
               Yang Liu and
               Jin Song Dong and
               Chunqing Chen},
  title     = {Integrating Specification and Programs for System Modeling
               and Verification},
  booktitle = {TASE'09},
  year      = {2009},
  pages     = {127-135},
  publisher = {IEEE Computer Society},
}

@inproceedings{williams,
    author = {C. R. Williams and V. Robu and E. H. Gerding and N. R. Jennings},
    booktitle = {Proceedings of ECAI'12},
    pages = {834-839},
    title = {Negotiating concurrently with unkown opponents in complex, real-time domains},
    year = {2012}
}

@Article{negotiation2,
	Author="C. Jonker and V. Robu and J. Treur",
	title="An agent architecture for multi-attribute negotiation using incomplete preference information",
	journal="AAMAS",
	year="2006",
	volume="15(2)",
	issue="2",
	pages="221-252"
}

@ARTICLE{Baarslag12ANAC2011,
  author = {T. Baarslag and K. Fujita and E. H. Gerding and K. Hindriks and T. Ito and N. R. Jennings and C. Jonker and S. Kraus and R. Lin and V. Robu and C. R. Williams},
  title = {Evaluating Practical Negotiating Agents: Results and Analysis of the 2011 International Competition},
  journal = {Artificial Intelligence Journal},
volume = {198},
  pages     = {73-103},
  year ={2013}
}

@Article{AOP,
	Author="A. Rubinstein",
	title="Perfect Equilibrium in a bargaining model",
	journal="Econometrica",
	year="1982",
	volume="50(1)",issue="1",pages="97-109"
}

@Article{negotiationrational,
	Author="P. Faratin and C. Sierra and N. R. Jennings",
	title="Negotiation Decision Functions for Autonomous Agents",
	journal="Journal of Robotics and Autonomous Systems",
	year="1998",
	volume="24(3-4)",issue="3-4",pages="159-182"
}

@Article{cag,
	Author="P. Vytelingum and D. Cliff and N.R. Jennings",
	title="Strategic bidding in continuous double auctions",
	journal="Artificial Intelligence",
	year="2008",
	volume="172(14)",issue="",pages="1700-1729"
}

@Article{EGT,
	Author="M. P. Wellman, J. Estelle and S. Singh and Y. Vorbeychik and V. Soni",
	title="Strategic interactions in a supply chain game",
	journal="Computational Intelligence",
	year="2005",
	volume="21(1)",issue="",pages="1-26"
}

@Article{evolutionofconvention,
	Author="H. Yong",
	title="The evolution of conventions",
	journal="Econometrica",
	year="1993",
	volume="61(1)",issue="",pages="57-84"
}
@Article{riskaversion2,
	Author="K. Arrow",
	title="The Theory of Risk Aversion",
	journal="",
	year="1965",
	volume="",issue="",pages=""
}
@Article{riskaversion1,
	Author="J. W. Pratt",
	title="Risk aversion in the small and in the large",
	journal="Econometrica",
	year="1964",
	volume="32",issue="",pages="122-136"
}

@Article{fictitiousplay,
	Author="G. Brown",
	title="Iterative solution of games by fictitious play",
	journal="Activity analysis of production and allocation",
	year="1951",
	volume="",issue="",pages=""
}


@techreport{negotiationreport,
    author    = "G. M. Lai and C. H. Li and K. Sycara and J. A. Giampapa",
    title     = "Literature review on multi-attribute negotiations",
    institution = "Robotics Institute, Carnegie Mellon University",
    type     = "Technical Report", 
    number   = "CMU-RI-TR-04-66",
    address  = "Pittsburgh, PA",
    year      = "2004",
    month    = "December",
    note     = "",
}

@manual{ANAC2011,
      title  = "The Second International Automated Negotiating Agent Competition (ANAC 2011)",
      author = "",
      note    = "\url{http://www.itolab.nitech.ac.jp/ANAC2011/}",
      year   = "2011"
    }

@manual{ANAC2010,
      title  = "The First International Automated Negotiating Agent Competition (ANAC 2010)",
      author = "",
      note    = "\url{http://mmi.tudelft.nl/negotiation/index.php/ANAC_2010/}",
      year   = "2010"
    }

@manual{ANAC2012,
      title  = "The Third International Automated Negotiating Agent Competition (ANAC 2012)",
      author = "",
      note    = "\url{http://anac2012.ecs.soton.ac.uk/}",
      year   = "2012"
    }

@manual{ANAC2012result,
      title  = "Results of The Third International Automated Negotiating Agent Competition (ANAC 2012)",
      author = "",
      note    = "\url{http://anac2012.ecs.soton.ac.uk/results/final/}",
      year   = "2012"
    }
@article{Tarjan72,
  author    = {Robert Endre Tarjan},
  title     = {Depth-First Search and Linear Graph Algorithms},
  journal   = {SIAM J. Comput.},
  volume    = {1},
  number    = {2},
  year      = {1972},
  pages     = {146-160},
  ee        = {http://dx.doi.org/10.1137/0201010},
  bibsource = {DBLP, http://dblp.uni-trier.de}
}

@inproceedings{hao2012abines,
  title={ABiNeS: An adaptive bilateral negotiating strategy over multiple items},
  author={Hao, J.Y and Leung, H.F},
  booktitle={WI-IAT'12},
  pages={95--102},
  year={2012}
}

@article{ma2013markov,
  title={Markov game analysis for attack-defense of power networks under possible misinformation},
  author={Ma, Chris YT and Yau, David KY and Lou, Xin and Rao, Nageswara SV},
  journal={Power Systems, IEEE Transactions on},
  volume={28},
  number={2},
  pages={1676--1686},
  year={2013}
}
@inproceedings{law2012security,
  title={Security games for voltage control in smart grid},
  author={Law, Yee Wei and Alpcan, Tansu and Palaniswami, Marimuthu},
  booktitle={Communication, Control, and Computing (Allerton), 2012 50th Annual Allerton Conference on},
  pages={212--219},
  year={2012}
}
@inproceedings{bowling2001rational,
  title={Rational and convergent learning in stochastic games},
  author={Bowling, Michael and Veloso, Manuela},
  booktitle={International joint conference on artificial intelligence},
  volume={17},
  number={1},
  pages={1021--1026},
  year={2001}
}
@inproceedings{bowling2001convergence,
  title={Convergence of gradient dynamics with a variable learning rate},
  author={Bowling, Michael and Veloso, Manuela},
  booktitle={ICML},
  pages={27--34},
  year={2001}
}
@article{conitzer2007awesome,
  title={AWESOME: A general multiagent learning algorithm that converges in self-play and learns a best response against stationary opponents},
  author={Conitzer, Vincent and Sandholm, Tuomas},
  journal={Machine Learning},
  volume={67},
  number={1-2},
  pages={23--43},
  year={2007}
}
@inproceedings{awesome2003,
  title={AWESOME: A General Multiagent Learning Algorithm that Converges in Self-Play and Learns a Best Response Against Stationary Opponents},
  author={Conitzer, Vincent and Sandholm, Tuomas},
  booktitle={ICML},
  year={2003}
}
@article{eisenstat1983variational,
  title={Variational iterative methods for nonsymmetric systems of linear equations},
  author={Eisenstat, Stanley C and Elman, Howard C and Schultz, Martin H},
  journal={SIAM Journal on Numerical Analysis},
  volume={20},
  number={2},
  pages={345--357},
  year={1983}
}
@book{sigaud2013markov,
  title={Markov decision processes in artificial intelligence},
  author={Sigaud, Olivier and Buffet, Olivier},
  year={2013},
  publisher={John Wiley \& Sons}
}
@book{puterman2009markov,
  title={Markov decision processes: discrete stochastic dynamic programming},
  author={Puterman, Martin L},
  volume={414},
  year={2009},
  publisher={John Wiley \& Sons}
}
@book{luenberger1973introduction,
  title={Introduction to linear and nonlinear programming},
  author={Luenberger, David G},
  volume={28},
  year={1973},
  publisher={Addison-Wesley Reading, MA}
}
@book{dabney2001mastering,
  title={Mastering Simulink 4},
  author={Dabney, James B and Harman, Thomas L},
  year={2001},
  publisher={Prentice Hall PTR}
}
@article{brown2006defending,
  title={Defending critical infrastructure},
  author={Brown, Gerald and Carlyle, Matthew and Salmer{\'o}n, Javier and Wood, Kevin},
  journal={Interfaces},
  volume={36},
  number={6},
  pages={530--544},
  year={2006}
}
@article{salmeron2004analysis,
  title={Analysis of electric grid security under terrorist threat},
  author={Salmeron, Javier and Wood, Kevin and Baldick, Ross},
  year={2004}
}
@article{saad2012game,
  title={Game-theoretic methods for the smart grid: An overview of microgrid systems, demand-side management, and smart grid communications},
  author={Saad, Walid and Han, Zhu and Poor, H Vincent and Basar, Tamer},
  journal={Signal Processing Magazine, IEEE},
  volume={29},
  number={5},
  pages={86--105},
  year={2012}
}
@article{pinar2010optimization,
  title={Optimization strategies for the vulnerability analysis of the electric power grid},
  author={Pinar, Ali and Meza, Juan and Donde, Vaibhav and Lesieutre, Bernard},
  journal={SIAM Journal on Optimization},
  volume={20},
  number={4},
  pages={1786--1810},
  year={2010}
}
@article{farwell2011stuxnet,
  title={Stuxnet and the future of cyber war},
  author={Farwell, James P and Rohozinski, Rafal},
  journal={Survival},
  volume={53},
  number={1},
  pages={23--40},
  year={2011}
}
@inproceedings{lefebvre2004undervoltage,
  title={Undervoltage load shedding scheme for the Hydro-Qu{\'e}bec system},
  author={Lefebvre, Daniel and Bernard, Serge and Van Cutsem, Thierry},
  booktitle={Power Engineering Society General Meeting, 2004. IEEE},
  pages={1619--1624},
  year={2004}
}